@misc{zindi2025lacuna,
  author       = {{Zindi}},
  title        = {Lacuna Solar Survey Challenge},
  howpublished = {\url{https://zindi.africa/competitions/lacuna-solar-survey-challenge}},
  note         = {Accessed: 2025-04-07},
  year         = {2025}
}

@article{ortiz2022Solar,
  title   = {An Artificial Intelligence Dataset for Solar Energy Locations in India},
  author  = {Anthony Ortiz and Dhaval Negandhi and Sagar R Mysorekar and Shivaprakash K Nagaraju and Joseph Kiesecker  and Caleb Robinson and Aditi Khurana and Felipe Oviedo and Juan M. Lavista Ferres},
  journal = {arXiv preprint arXiv:2202.01340},
  year    = {2022},
}

@article{Malof_2016,
   title={Automatic detection of solar photovoltaic arrays in high resolution aerial imagery},
   volume={183},
   ISSN={0306-2619},
   url={http://dx.doi.org/10.1016/j.apenergy.2016.08.191},
   DOI={10.1016/j.apenergy.2016.08.191},
   journal={Applied Energy},
   publisher={Elsevier BV},
   author={Malof, Jordan M. and Bradbury, Kyle and Collins, Leslie M. and Newell, Richard G.},
   year={2016},
   month=dec, pages={229â€“240} }

@article{Yu2018DeepSolar,
  title = {DeepSolar: A Machine Learning Framework to Efficiently Construct a Solar Deployment Database in the United States},
  author = {Yu, Guannan and Wang, Jingjing and Majumdar, Arun and Rajagopal, Ram},
  journal = {Joule},
  volume = {3},
  number = {3},
  pages = {813--823},
  year = {2019},
  publisher = {Elsevier},
  doi = {10.1016/j.joule.2018.12.015},
  url = {https://www.cell.com/joule/fulltext/S2542-4351(18)30570-1}
}

@misc{DenseNet,
      title={Densely Connected Convolutional Networks}, 
      author={Gao Huang and Zhuang Liu and Laurens van der Maaten and Kilian Q. Weinberger},
      year={2018},
      eprint={1608.06993},
      archivePrefix={arXiv},
      primaryClass={cs.CV},
      url={https://arxiv.org/abs/1608.06993}, 
}

@misc{YOLO,
      title={You Only Look Once: Unified, Real-Time Object Detection}, 
      author={Joseph Redmon and Santosh Divvala and Ross Girshick and Ali Farhadi},
      year={2016},
      eprint={1506.02640},
      archivePrefix={arXiv},
      primaryClass={cs.CV},
      url={https://arxiv.org/abs/1506.02640}, 
}

@misc{ResNet,
      title={Deep Residual Learning for Image Recognition}, 
      author={Kaiming He and Xiangyu Zhang and Shaoqing Ren and Jian Sun},
      year={2015},
      eprint={1512.03385},
      archivePrefix={arXiv},
      primaryClass={cs.CV},
      url={https://arxiv.org/abs/1512.03385}, 
}

@misc{EffienctNet,
      title={EfficientNet: Rethinking Model Scaling for Convolutional Neural Networks}, 
      author={Mingxing Tan and Quoc V. Le},
      year={2020},
      eprint={1905.11946},
      archivePrefix={arXiv},
      primaryClass={cs.LG},
      url={https://arxiv.org/abs/1905.11946}, 
}

@misc{YOLOSeg,
      title={INSTA-YOLO: Real-Time Instance Segmentation}, 
      author={Eslam Mohamed and Abdelrahman Shaker and Ahmad El-Sallab and Mayada Hadhoud},
      year={2024},
      eprint={2102.06777},
      archivePrefix={arXiv},
      primaryClass={cs.CV},
      url={https://arxiv.org/abs/2102.06777}, 
}